%% This BibTeX bibliography file was created using BibDesk.
%% http://bibdesk.sourceforge.net/


%% Created for James at 2016-06-10 21:21:37 -0400 


%% Saved with string encoding Unicode (UTF-8) 


@comment{This file has been generated by Pybliographer}



@webpage{web00,
	Title = {},
	Author = {{Herramientas específicas para SQA y SCM }},
	Note = {[Acceso abril de 2019]},
	Keywords = {SQA},
	Url = {https://www.inf.utfsm.cl/~visconti/herramientas/},
	Howpublished = {\url{https://www.inf.utfsm.cl/~visconti/herramientas/}},
	Month = {may},
	Year = {2000}
	}

@manual{
	pdf00,
	Title = {Reglas y Prácticas en eXtreme Programming },
	Author = {Joskowicz, José},
	Note = {[Universidad de Vigo, España]},
	Url = {https://iie.fing.edu.uy/~josej/docs/XP%20-%20Jose%20Joskowicz.pdf},
	Howpublished = {https://iie.fing.edu.uy/~josej/docs/XP%20-%20Jose%20Joskowicz.pdf},
	Keywords = {XP},
	Year = 2008
	}

@manual{
	pdf01,
	Title = {Revisión sistemática sobre metodologías agiles en empresas de software},
	Author = {Marecos Brizuela, Pedro Celestino},
	Note = {Revista de la Facultad de Ciencias Aplicadas, Universidad Nacional de Pilar},
	Keywords = {metodologia agil},
	Url = {Revista de la Facultad de Ciencias Aplicadas, Universidad Nacional de Pilar},
	Howpublished = {Revista de la Facultad de Ciencias Aplicadas, Universidad Nacional de Pilar},
	Keywords = {agil},
	Year = 2017
	}

@manual{
	pdf02,
	Title = {Metodologías ágiles en el desarrollo de aplicaciones para dispositivos móviles. Estado actual},
	Author = {Yohn Daniel Amaya Balaguera},
	Note = {Revista de Tecnología, Journal Technology, Volumen 12},
	Keywords = {metodologia agil movil},
	Howpublished = {Revista de Tecnología, Journal Technology, Volumen 12},
	Keywords = {agil},
	Year = 2013
	}

@book{
	book00,
	Title = {Diseño Ágil con TDD},
	Author = {Blé Jurado, Carlos and colaboradores},
	Edition = {1°},
	Keywords = {TDD},
	Month = {January},
	Publisher = {lulu.com},
	Year = 2010
	}

@book{
	book01,
	Title = {Ingeniería de	Software,	un	enfoque práctico},
	Author = {Pressman,	Roger	S},
	Edition = {7°},
	Keywords = {Ingenieria de software},
	Publisher = {Editorial	McGraw-Hill},
	Year = 2010
	}

@book{
	mem00,
	Title = {Plan de Calidad Para “Huellas Uuniversitarias”},
	Author = {Joaquin Alfonso Nuñez Garcia},
	Year = 2015
	}

@book{
	mem01,
	Title = {Plan de Calidad Para “Post Emergency Support System”},
	Author = {Carlos Ramírez Espinoza},
	Year = 2017
	}

